
<marc:record><marc:leader>01377ckm a2200349 i 4500</marc:leader>
<marc:controlfield tag="001">74553984</marc:controlfield>
<marc:controlfield tag="003">StEdNL</marc:controlfield><marc:controlfield tag="006">m        c #      </marc:controlfield><marc:controlfield tag="007">cr|cz#||||||||</marc:controlfield><marc:controlfield tag="008">      m||||||||stk|||||o||c|#||||||</marc:controlfield><marc:datafield tag="040" ind1="0" ind2=" "><marc:subfield code="a">StEdNL</marc:subfield><marc:subfield code="b">eng</marc:subfield><marc:subfield code="e">rda</marc:subfield><marc:subfield code="b">StEdNL</marc:subfield></marc:datafield><marc:datafield tag="245" ind1="0" ind2=" "><marc:subfield code="a">Jo.</marc:subfield></marc:datafield><marc:datafield tag="246" ind1="1" ind2=" "><marc:subfield code="i">Short title</marc:subfield><marc:subfield code="a">Jo</marc:subfield></marc:datafield><marc:datafield tag="264" ind1="1" ind2=" "><marc:subfield code="a">Edinburgh : </marc:subfield><marc:subfield code="b">National Library of Scotland, </marc:subfield><marc:subfield code="c">2005.</marc:subfield></marc:datafield><marc:datafield tag="300" ind1=" " ind2=" "><marc:subfield code="a">1 online resource</marc:subfield></marc:datafield><marc:datafield tag="336" ind1=" " ind2=" "><marc:subfield code="a">still image</marc:subfield><marc:subfield code="b">sti</marc:subfield><marc:subfield code="2">rdacontent</marc:subfield></marc:datafield><marc:datafield tag="337" ind1=" " ind2=" "><marc:subfield code="a">computer</marc:subfield><marc:subfield code="b">c</marc:subfield><marc:subfield code="2">rdacarrier</marc:subfield></marc:datafield><marc:datafield tag="338" ind1=" " ind2=" "><marc:subfield code="a">online resource</marc:subfield><marc:subfield code="b">cr</marc:subfield><marc:subfield code="2">rdamedia</marc:subfield></marc:datafield><marc:datafield tag="347" ind1=" " ind2=" "><marc:subfield code="a">image file</marc:subfield><marc:subfield code="b">JPEG</marc:subfield><marc:subfield code="2">rda</marc:subfield></marc:datafield><marc:datafield tag="500" ind1=" " ind2=" "><marc:subfield code="a">Metadata context: metadata created as part of normal Library activities.</marc:subfield></marc:datafield><marc:datafield tag="518" ind1=" " ind2=" "><marc:subfield code="a">Originally published: 1885</marc:subfield></marc:datafield><marc:datafield tag="520" ind1="0" ind2=" "><marc:subfield code="a">Six nights only - Monday, Aug. 31. Jennie Lee [as] 'Jo'. Caption: 'I am a movin' on'. Printed by Mackenzie &amp; Co Litho. Studio, 83 Renfield St., Glasgow..</marc:subfield></marc:datafield><marc:datafield tag="534" ind1=" " ind2=" "><marc:subfield code="p">Electronic reproduction of:</marc:subfield><marc:subfield code="t">Jo.</marc:subfield><marc:subfield code="e">1 poster ; 50.50 x 38.00 cm.</marc:subfield></marc:datafield><marc:datafield tag="540" ind1=" " ind2=" "><marc:subfield code="a">Metadata available under CC0 1.0 Universal </marc:subfield><marc:subfield code="u">https://creativecommons.org/publicdomain/zero/1.0/</marc:subfield></marc:datafield><marc:datafield tag="600" ind1="1" ind2="0"><marc:subfield code="a">Lee, Jennie, 1850-1925</marc:subfield><marc:subfield code="e">Depicted.</marc:subfield></marc:datafield><marc:datafield tag="600" ind1="1" ind2="0"><marc:subfield code="a">Theatre Royal (Edinburgh, Scotland)</marc:subfield><marc:subfield code="e">Subject of text.</marc:subfield></marc:datafield><marc:datafield tag="650" ind1="0" ind2="7"><marc:subfield code="a">Streets</marc:subfield><marc:subfield code="2">AAT</marc:subfield></marc:datafield><marc:datafield tag="650" ind1="0" ind2="7"><marc:subfield code="a">Women (female humans)</marc:subfield><marc:subfield code="2">AAT</marc:subfield></marc:datafield><marc:datafield tag="650" ind1="0" ind2="7"><marc:subfield code="a">Brooms</marc:subfield><marc:subfield code="2">AAT</marc:subfield></marc:datafield><marc:datafield tag="650" ind1="0" ind2="7"><marc:subfield code="a">Beggars</marc:subfield><marc:subfield code="2">AAT</marc:subfield></marc:datafield><marc:datafield tag="700" ind1="1" ind2=" "><marc:subfield code="a">Mackenzie &amp; Co.</marc:subfield><marc:subfield code="e">Printer.</marc:subfield></marc:datafield><marc:datafield tag="856" ind1="4" ind2="0"><marc:subfield code="u">http://digital.nls.uk/74553984</marc:subfield><marc:subfield code="z">Resource</marc:subfield></marc:datafield></marc:record>